@book{cormen01introduction,
  added-at = {2009-02-18T15:27:17.000+0100},
  asin = {0262032937},
  author = {Cormen, Thomas H. and Leiserson, Charles E. and Rivest, Ronald L. and Stein, Clifford},
  biburl = {https://www.bibsonomy.org/bibtex/2225d42638921bee01b4ac8ff991b0a6a/rekstorm},
  description = {Amazon.com: Introduction to Algorithms: Thomas H. Cormen, Charles E. Leiserson, Ronald L. Rivest, Clifford Stein: Books},
  dewey = {005.1},
  ean = {9780262032933},
  edition = {2nd},
  interhash = {dcdeb0ec50a6798abf1724056982b543},
  intrahash = {225d42638921bee01b4ac8ff991b0a6a},
  isbn = {0262032937},
  keywords = {algorithm algorithms computer data design paper-cpm programming science structures},
  publisher = {The MIT Press},
  timestamp = {2009-02-18T15:27:17.000+0100},
  title = {Introduction to Algorithms},
  url = {http://www.amazon.com/Introduction-Algorithms-Thomas-H-Cormen/dp/0262032937%3FSubscriptionId%3D13CT5CVB80YFWJEPWS02%26tag%3Dws%26linkCode%3Dxm2%26camp%3D2025%26creative%3D165953%26creativeASIN%3D0262032937},
  year = 2001
}

